[gd_scene load_steps=11 format=2]

[ext_resource path="res://scenes/TitleScreen.gd" type="Script" id=1]
[ext_resource path="res://videos/text.ogv" type="VideoStream" id=2]
[ext_resource path="res://fonts/hud.tres" type="DynamicFont" id=3]
[ext_resource path="res://tilesets/block1.png" type="Texture" id=4]
[ext_resource path="res://objects/Menu.tscn" type="PackedScene" id=5]
[ext_resource path="res://objects/Filter.tscn" type="PackedScene" id=6]
[ext_resource path="res://music/it-is-lost-by-kevin-macleod.ogg" type="AudioStream" id=7]

[sub_resource type="CanvasItemMaterial" id=1]
blend_mode = 1

[sub_resource type="Animation" id=2]
resource_name = "begin"
length = 2.0
tracks/0/type = "value"
tracks/0/path = NodePath("AudioStreamPlayer:volume_db")
tracks/0/interp = 1
tracks/0/loop_wrap = true
tracks/0/imported = false
tracks/0/enabled = true
tracks/0/keys = {
"times": PoolRealArray( 0, 2 ),
"transitions": PoolRealArray( 1, 1 ),
"update": 0,
"values": [ 0.0, -30.0 ]
}
tracks/1/type = "value"
tracks/1/path = NodePath("Blackout:modulate")
tracks/1/interp = 1
tracks/1/loop_wrap = true
tracks/1/imported = false
tracks/1/enabled = true
tracks/1/keys = {
"times": PoolRealArray( 0, 2 ),
"transitions": PoolRealArray( 1, 1 ),
"update": 0,
"values": [ Color( 1, 1, 1, 0 ), Color( 1, 1, 1, 1 ) ]
}

[sub_resource type="Animation" id=3]
length = 12.0
tracks/0/type = "value"
tracks/0/path = NodePath("Label_GWJ:rect_position")
tracks/0/interp = 1
tracks/0/loop_wrap = true
tracks/0/imported = false
tracks/0/enabled = true
tracks/0/keys = {
"times": PoolRealArray( 0, 4 ),
"transitions": PoolRealArray( 1, 1 ),
"update": 0,
"values": [ Vector2( 32, 352 ), Vector2( 64, 352 ) ]
}
tracks/1/type = "value"
tracks/1/path = NodePath("Label_GWJ:modulate")
tracks/1/interp = 1
tracks/1/loop_wrap = true
tracks/1/imported = false
tracks/1/enabled = true
tracks/1/keys = {
"times": PoolRealArray( 0, 0.5, 3.5, 4 ),
"transitions": PoolRealArray( 1, 1, 1, 1 ),
"update": 0,
"values": [ Color( 1, 1, 1, 0 ), Color( 1, 1, 1, 1 ), Color( 1, 1, 1, 1 ), Color( 1, 1, 1, 0 ) ]
}
tracks/2/type = "value"
tracks/2/path = NodePath("Label_GWJ/Label_X:modulate")
tracks/2/interp = 1
tracks/2/loop_wrap = true
tracks/2/imported = false
tracks/2/enabled = true
tracks/2/keys = {
"times": PoolRealArray( 0, 1.5, 2.5 ),
"transitions": PoolRealArray( 1, 1, 1 ),
"update": 0,
"values": [ Color( 1, 1, 1, 0 ), Color( 1, 1, 1, 0 ), Color( 1, 1, 1, 1 ) ]
}
tracks/3/type = "value"
tracks/3/path = NodePath("Label_Infinity:modulate")
tracks/3/interp = 1
tracks/3/loop_wrap = true
tracks/3/imported = false
tracks/3/enabled = true
tracks/3/keys = {
"times": PoolRealArray( 0, 4.5, 6.5 ),
"transitions": PoolRealArray( 1, 1, 1 ),
"update": 0,
"values": [ Color( 1, 1, 1, 0 ), Color( 1, 1, 1, 0 ), Color( 1, 1, 1, 1 ) ]
}
tracks/4/type = "value"
tracks/4/path = NodePath("Label_Defect:modulate")
tracks/4/interp = 1
tracks/4/loop_wrap = true
tracks/4/imported = false
tracks/4/enabled = true
tracks/4/keys = {
"times": PoolRealArray( 0, 7, 9 ),
"transitions": PoolRealArray( 1, 1, 1 ),
"update": 0,
"values": [ Color( 1, 1, 1, 0 ), Color( 1, 1, 1, 0 ), Color( 1, 1, 1, 1 ) ]
}
tracks/5/type = "value"
tracks/5/path = NodePath("Label_Byline:modulate")
tracks/5/interp = 1
tracks/5/loop_wrap = true
tracks/5/imported = false
tracks/5/enabled = true
tracks/5/keys = {
"times": PoolRealArray( 0, 9.5, 10 ),
"transitions": PoolRealArray( 1, 1, 1 ),
"update": 0,
"values": [ Color( 1, 1, 1, 0 ), Color( 1, 1, 1, 0 ), Color( 1, 1, 1, 1 ) ]
}
tracks/6/type = "value"
tracks/6/path = NodePath("Menu:modulate")
tracks/6/interp = 1
tracks/6/loop_wrap = true
tracks/6/imported = false
tracks/6/enabled = true
tracks/6/keys = {
"times": PoolRealArray( 0, 9.5, 10 ),
"transitions": PoolRealArray( 1, 1, 1 ),
"update": 0,
"values": [ Color( 1, 1, 1, 0 ), Color( 1, 1, 1, 0 ), Color( 1, 1, 1, 1 ) ]
}
tracks/7/type = "value"
tracks/7/path = NodePath("Menu:active")
tracks/7/interp = 1
tracks/7/loop_wrap = true
tracks/7/imported = false
tracks/7/enabled = true
tracks/7/keys = {
"times": PoolRealArray( 0, 9.5 ),
"transitions": PoolRealArray( 1, 1 ),
"update": 1,
"values": [ false, true ]
}
tracks/8/type = "value"
tracks/8/path = NodePath(".:intro_done")
tracks/8/interp = 1
tracks/8/loop_wrap = true
tracks/8/imported = false
tracks/8/enabled = true
tracks/8/keys = {
"times": PoolRealArray( 0, 9.5 ),
"transitions": PoolRealArray( 1, 1 ),
"update": 1,
"values": [ false, true ]
}

[node name="TitleScreen" type="Control"]
anchor_right = 1.0
anchor_bottom = 1.0
script = ExtResource( 1 )
intro_done = true

[node name="Background" type="ColorRect" parent="."]
anchor_right = 1.0
anchor_bottom = 1.0
color = Color( 0.152941, 0.152941, 0.266667, 1 )

[node name="VideoPlayer" type="VideoPlayer" parent="."]
modulate = Color( 0.501961, 0.501961, 0.501961, 1 )
material = SubResource( 1 )
margin_right = 1280.0
margin_bottom = 720.0
stream = ExtResource( 2 )

[node name="Label_GWJ" type="Label" parent="."]
modulate = Color( 1, 1, 1, 0 )
anchor_right = 1.0
anchor_bottom = 1.0
margin_left = 32.0
margin_top = 352.0
margin_right = -960.022
margin_bottom = -344.0
rect_scale = Vector2( 2, 2 )
custom_colors/font_color = Color( 0.545098, 0.427451, 0.611765, 1 )
custom_fonts/font = ExtResource( 3 )
text = "GODOT WILD JAM"
align = 1

[node name="Label_X" type="Label" parent="Label_GWJ"]
modulate = Color( 1, 1, 1, 0 )
anchor_right = 1.0
anchor_bottom = 1.0
margin_left = 168.0
margin_right = 162.0
margin_bottom = -13.0
custom_colors/font_color = Color( 0.776471, 0.623529, 0.647059, 1 )
custom_fonts/font = ExtResource( 3 )
text = "X"
align = 1

[node name="Label_Infinity" type="Label" parent="."]
modulate = Color( 1, 1, 1, 0 )
anchor_left = 0.5
anchor_top = 0.5
anchor_right = 0.5
anchor_bottom = 0.5
margin_left = -496.0
margin_top = -40.0
margin_right = -373.0
margin_bottom = -26.0
rect_scale = Vector2( 4, 4 )
custom_colors/font_color = Color( 0.984314, 0.960784, 0.937255, 1 )
custom_fonts/font = ExtResource( 3 )
text = "INFINITY"
align = 1
valign = 1

[node name="Label_Defect" type="Label" parent="."]
modulate = Color( 1, 1, 1, 0 )
anchor_left = 0.5
anchor_top = 0.5
anchor_right = 0.5
anchor_bottom = 0.5
margin_top = -40.0
margin_right = 131.0
margin_bottom = -26.0
rect_scale = Vector2( 4, 4 )
custom_colors/font_color = Color( 0.545098, 0.427451, 0.611765, 1 )
custom_fonts/font = ExtResource( 3 )
text = "DEFECT"
align = 1
valign = 1

[node name="Label_Byline" type="Label" parent="."]
visible = false
modulate = Color( 1, 1, 1, 0 )
anchor_left = 0.5
anchor_top = 0.5
anchor_right = 0.5
anchor_bottom = 0.5
margin_left = -200.0
margin_top = 229.705
margin_right = 200.0
margin_bottom = 243.705
rect_scale = Vector2( 2, 2 )
rect_pivot_offset = Vector2( 200, 7 )
custom_colors/font_color = Color( 0.545098, 0.427451, 0.611765, 1 )
custom_fonts/font = ExtResource( 3 )
text = "Press Enter to Begin"
align = 1
valign = 1

[node name="block1" type="Sprite" parent="."]
visible = false
position = Vector2( 624, 320 )
texture = ExtResource( 4 )

[node name="Menu" parent="." instance=ExtResource( 5 )]
modulate = Color( 1, 1, 1, 0 )
margin_left = 144.0
margin_top = 528.0
margin_right = -848.0
margin_bottom = -64.0

[node name="Filter" parent="." instance=ExtResource( 6 )]
margin_right = 0.0
margin_bottom = 0.0

[node name="AnimationPlayer" type="AnimationPlayer" parent="."]
anims/begin = SubResource( 2 )
anims/intro = SubResource( 3 )

[node name="AudioStreamPlayer" type="AudioStreamPlayer" parent="."]
stream = ExtResource( 7 )

[node name="Blackout" type="ColorRect" parent="."]
modulate = Color( 1, 1, 1, 0 )
anchor_right = 1.0
anchor_bottom = 1.0
color = Color( 0.152941, 0.152941, 0.266667, 1 )

[connection signal="finished" from="VideoPlayer" to="." method="_on_VideoPlayer_finished"]
[connection signal="button_pressed" from="Menu" to="." method="_on_Menu_button_pressed"]
[connection signal="animation_finished" from="AnimationPlayer" to="." method="_on_AnimationPlayer_animation_finished"]
